<record><leader>00000cas a22000007a 4500</leader><controlfield tag="001">16145732</controlfield><controlfield tag="008">870708d19691981inuwr ne      0    0eng d</controlfield><datafield ind1=" " ind2=" " tag="010"><subfield code="a">sn 87056419 </subfield></datafield><datafield ind1=" " ind2=" " tag="040"><subfield code="a">NPI</subfield><subfield code="b">eng</subfield><subfield code="c">NPI</subfield><subfield code="d">OCLCQ</subfield></datafield><datafield ind1=" " ind2=" " tag="042"><subfield code="a">msc</subfield></datafield><datafield ind1="0" ind2="4" tag="245"><subfield code="a">The Nora topics.</subfield></datafield><datafield ind1=" " ind2=" " tag="260"><subfield code="a">Indianapolis, Ind. :</subfield><subfield code="b">Topics Newspapers, Inc.,</subfield><subfield code="c">1969-1981.</subfield></datafield><datafield ind1=" " ind2=" " tag="300"><subfield code="a">2 v.</subfield></datafield><datafield ind1=" " ind2=" " tag="310"><subfield code="a">Weekly</subfield></datafield><datafield ind1="0" ind2=" " tag="362"><subfield code="a">Vol. 19, no. 2 (Nov. 6, 1969)-v. 20, no. 43 (Aug. 5, 1981).</subfield></datafield><datafield ind1=" " ind2=" " tag="500"><subfield code="a">"Serving Nora, Meridian Hills, Williams Creek, Zionsville."</subfield></datafield><datafield ind1=" " ind2=" " tag="580"><subfield code="a">"Carmel Topics will serve as companion publication to the Nora Topics, which heretofore has been known as the Nora ed. of the Suburban Topics."</subfield></datafield><datafield ind1=" " ind2=" " tag="752"><subfield code="a">United States</subfield><subfield code="b">Indiana</subfield><subfield code="c">Marion</subfield><subfield code="d">Indianapolis.</subfield></datafield><datafield ind1=" " ind2=" " tag="752"><subfield code="a">United States</subfield><subfield code="b">Indiana</subfield><subfield code="c">Marion</subfield><subfield code="d">Meridian Hills.</subfield></datafield><datafield ind1=" " ind2=" " tag="752"><subfield code="a">United States</subfield><subfield code="b">Indiana</subfield><subfield code="c">Marion</subfield><subfield code="d">Nora.</subfield></datafield><datafield ind1=" " ind2=" " tag="752"><subfield code="a">United States</subfield><subfield code="b">Indiana</subfield><subfield code="c">Marion</subfield><subfield code="d">Williams Creek.</subfield></datafield><datafield ind1=" " ind2=" " tag="752"><subfield code="a">United States</subfield><subfield code="b">Indiana</subfield><subfield code="c">Boone</subfield><subfield code="d">Zionsville.</subfield></datafield><datafield ind1="0" ind2="1" tag="780"><subfield code="t">Suburban topics</subfield><subfield code="w">(DLC)sn 87056369</subfield></datafield><datafield ind1="0" ind2="0" tag="785"><subfield code="t">Washington patriot (Indianapolis, Ind.)</subfield><subfield code="w">(DLC)sn 87056420</subfield></datafield><datafield ind1="1" ind2=" " tag="787"><subfield code="t">Carmel topics</subfield><subfield code="w">(DLC)sn 86058657</subfield></datafield></record>